Date,Sales,Excise Tax Due,Sales (Shelf Price)
6/1/2014,0,0,0
6/2/2014,0,0,0
6/3/2014,0,0,0
6/4/2014,0,0,0
6/5/2014,0,0,0
6/6/2014,0,0,0
6/7/2014,0,0,0
6/8/2014,0,0,0
6/9/2014,0,0,0
6/10/2014,0,0,0
6/11/2014,0,0,0
6/12/2014,0,0,0
6/13/2014,0,0,0
6/14/2014,0,0,0
6/15/2014,0,0,0
6/16/2014,2400,480,1920
6/17/2014,0,0,0
6/18/2014,0,0,0
6/19/2014,0,0,0
6/20/2014,0,0,0
6/21/2014,0,0,0
6/22/2014,0,0,0
6/23/2014,0,0,0
6/24/2014,0,0,0
6/25/2014,0,0,0
6/26/2014,0,0,0
6/27/2014,5475,1095,4380
6/28/2014,0,0,0
6/29/2014,0,0,0
6/30/2014,0,0,0
7/1/2014,0,0,0
7/2/2014,0,0,0
7/3/2014,8183.79,1636.76,6547.03
7/4/2014,3560.38,712.08,2848.3
7/5/2014,6723.75,1344.75,5379
7/6/2014,0,0,0
7/7/2014,0,0,0
7/8/2014,324317.37,64863.49,259453.88
7/9/2014,173198.82,34639.78,138559.04
7/10/2014,311430.96,62286.22,249144.74
7/11/2014,199456.79,39891.36,159565.43
7/12/2014,134061.53,26812.31,107249.22
7/13/2014,86574.02,17314.81,69259.21
7/14/2014,132579.39,26515.89,106063.5
7/15/2014,134871.47,26974.31,107897.16
7/16/2014,117060.51,23412.12,93648.39
7/17/2014,147164.5,29432.9,117731.6
7/18/2014,151748.6,30349.74,121398.86
7/19/2014,228950.01,45790,183160.01
7/20/2014,82603.35,16520.67,66082.68
7/21/2014,106718.95,21343.8,85375.15
7/22/2014,75744.21,15148.85,60595.36
7/23/2014,68943.3,13788.66,55154.64
7/24/2014,103291.15,20658.24,82632.91
7/25/2014,316413.19,63282.65,253130.54
7/26/2014,243210.3,48642.07,194568.23
7/27/2014,42619.75,8523.96,34095.79
7/28/2014,207688.66,41537.75,166150.91
7/29/2014,129706.82,25941.37,103765.45
7/30/2014,210066.61,42013.34,168053.27
7/31/2014,299628,59925.61,239702.39
8/1/2014,264368.325,52873.665,211494.66
8/2/2014,128349.9125,25669.9825,102679.93
8/3/2014,51950.2125,10390.0425,41560.17
8/4/2014,94617.9,18923.58,75694.32
8/5/2014,138971.3125,27794.2625,111177.05
8/6/2014,100440.35,20088.07,80352.28
8/7/2014,204631.5625,40926.3125,163705.25
8/8/2014,306844.275,61368.855,245475.42
8/9/2014,230593.125,46118.625,184474.5
8/10/2014,62378.1125,12475.6225,49902.49
8/11/2014,86304.4125,17260.8825,69043.53
8/12/2014,106932.4375,21386.4875,85545.95
8/13/2014,160726.2875,32145.2575,128581.03
8/14/2014,148150.575,29630.115,118520.46
8/15/2014,1074906.088,214981.2175,859924.87
8/16/2014,351119.15,70223.83,280895.32
8/17/2014,469323.4375,93864.6875,375458.75
8/18/2014,441179.45,88235.89,352943.56
8/19/2014,214839.5375,42967.9075,171871.63
8/20/2014,128377.975,25675.595,102702.38
8/21/2014,170453.35,34090.67,136362.68
8/22/2014,391782.2125,78356.4425,313425.77
8/23/2014,688519.8375,137703.9675,550815.87
8/24/2014,186486.5375,37297.3075,149189.23
8/25/2014,210889.3,42177.86,168711.44
8/26/2014,263616.2875,52723.2575,210893.03
8/27/2014,258835.6375,51767.1275,207068.51
8/28/2014,463586.4125,92717.2825,370869.13
8/29/2014,614352.075,122870.415,491481.66
8/30/2014,500661.75,100132.35,400529.4
8/31/2014,302974.6375,60594.9275,242379.71
9/1/2014,204660.375,40932.075,163728.3
9/2/2014,234141.1875,46828.2375,187312.95
9/3/2014,268799.3875,53759.8775,215039.51
9/4/2014,292983.85,58596.77,234387.08
9/5/2014,576969.725,115393.945,461575.78
9/6/2014,378955.9625,75791.1925,303164.77
9/7/2014,169044.3625,33808.8725,135235.49
9/8/2014,231326.9875,46265.3975,185061.59
9/9/2014,229329.2875,45865.8575,183463.43
9/10/2014,251974,50394.8,201579.2
9/11/2014,472345.4625,94469.0925,377876.37
9/12/2014,476334.1625,95266.8325,381067.33
9/13/2014,408171.0125,81634.2025,326536.81
9/14/2014,220975.6875,44195.1375,176780.55
9/15/2014,375328.0125,75065.6025,300262.41
9/16/2014,240344.9875,48068.9975,192275.99
9/17/2014,291224.3125,58244.8625,232979.45
9/18/2014,471678.9375,94335.7875,377343.15
9/19/2014,503563.8375,100712.7675,402851.07
9/20/2014,423441.7875,84688.3575,338753.43
9/21/2014,190577.25,38115.45,152461.8
9/22/2014,290341.25,58068.25,232273
9/23/2014,326815.5125,65363.1025,261452.41
9/24/2014,360852.425,72170.485,288681.94
9/25/2014,490746,98149.2,392596.8
9/26/2014,745957.7375,149191.5475,596766.19
9/27/2014,487845.6,97569.12,390276.48
9/28/2014,220001.625,44000.325,176001.3
9/29/2014,477331.275,95466.255,381865.02
9/30/2014,472178.05,94435.61,377742.44
10/1/2014,650847.2625,130169.4525,520677.81
10/2/2014,405236.65,81047.33,324189.32
10/3/2014,689496.675,137899.335,551597.34
10/4/2014,535448.7625,107089.7525,428359.01
10/5/2014,243782.325,48756.465,195025.86
10/6/2014,407198.5125,81439.7025,325758.81
10/7/2014,422870.5,84574.1,338296.4
10/8/2014,340683.5375,68136.7075,272546.83
10/9/2014,607018.0875,121403.6175,485614.47
10/10/2014,536936.6625,107387.3325,429549.33
10/11/2014,533223.75,106644.75,426579
10/12/2014,207455,41491,165964
10/13/2014,348174.7,69634.94,278539.76
10/14/2014,350087.325,70017.465,280069.86
10/15/2014,434008.95,86801.79,347207.16
10/16/2014,415092.875,83018.575,332074.3
10/17/2014,681105.5125,136221.1025,544884.41
10/18/2014,457206.7125,91441.3425,365765.37
10/19/2014,261471.6125,52294.3225,209177.29
10/20/2014,319416.3,63883.26,255533.04
10/21/2014,483507.725,96701.545,386806.18
10/22/2014,623705.6125,124741.1225,498964.49
10/23/2014,761519.2125,152303.8425,609215.37
10/24/2014,757449.7125,151489.9425,605959.77
10/25/2014,482469.025,96493.805,385975.22
10/26/2014,345959.8,69191.96,276767.84
10/27/2014,493451.2125,98690.2425,394760.97
10/28/2014,452693.9375,90538.7875,362155.15
10/29/2014,776493.6375,155298.7275,621194.91
10/30/2014,749580.175,149916.035,599664.14
10/31/2014,1540789.438,308157.8875,1232631.55
11/1/2014,943186.175,188637.235,754548.94
11/2/2014,443478.6375,88695.7275,354782.91
11/3/2014,436510.5625,87302.1125,349208.45
11/4/2014,512844.1375,102568.8275,410275.31
11/5/2014,585578.2125,117115.6425,468462.57
11/6/2014,1162544.5,232508.9,930035.6
11/7/2014,1080331.138,216066.2275,864264.91
11/8/2014,863261.4625,172652.2925,690609.17
11/9/2014,236456.975,47291.395,189165.58
11/10/2014,473807.3,94761.46,379045.84
11/11/2014,574110.0125,114822.0025,459288.01
11/12/2014,712204.375,142440.875,569763.5
11/13/2014,782264.575,156452.915,625811.66
11/14/2014,822701.975,164540.395,658161.58
11/15/2014,571732.3625,114346.4725,457385.89
11/16/2014,331667.2125,66333.4425,265333.77
11/17/2014,536544.8875,107308.9775,429235.91
11/18/2014,496349.2,99269.84,397079.36
11/19/2014,650302.775,130060.555,520242.22
11/20/2014,213388.325,42677.665,170710.66
11/21/2014,766937.3,153387.46,613549.84
11/22/2014,614448.0375,122889.6075,491558.43
11/23/2014,324780.1125,64956.0225,259824.09
11/24/2014,615915.6375,123183.1275,492732.51
11/25/2014,934807.125,186961.425,747845.7
11/26/2014,1255840.288,251168.0575,1004672.23
11/27/2014,185975.075,37195.015,148780.06
11/28/2014,788430.075,157686.015,630744.06
11/29/2014,459770.7375,91954.1475,367816.59
11/30/2014,1727117.713,345423.5425,1381694.17
12/1/2014,560138.575,112027.715,448110.86
12/2/2014,531840.275,106368.055,425472.22
12/3/2014,544405.6875,108881.1375,435524.55
12/4/2014,793456.2625,158691.2525,634765.01
12/5/2014,869281.6875,173856.3375,695425.35
12/6/2014,545899.4375,109179.8875,436719.55
12/7/2014,298100.8875,59620.1775,238480.71
12/8/2014,526777.8625,105355.5725,421422.29
12/9/2014,679770.4875,135954.0975,543816.39
12/10/2014,770339.175,154067.835,616271.34
12/11/2014,945677.0125,189135.4025,756541.61
12/12/2014,907837.25,181567.45,726269.8
12/13/2014,596509.975,119301.995,477207.98
12/14/2014,307372.575,61474.515,245898.06
12/15/2014,570317.675,114063.535,456254.14
12/16/2014,560758.2375,112151.6475,448606.59
12/17/2014,686488.05,137297.61,549190.44
12/18/2014,934345.525,186869.105,747476.42
12/19/2014,881604.1625,176320.8325,705283.33
12/20/2014,714021.4875,142804.2975,571217.19
12/21/2014,458484.875,91696.975,366787.9
12/22/2014,890047.4875,178009.4975,712037.99
12/23/2014,771123.25,154224.65,616898.6
12/24/2014,638929.6875,127785.9375,511143.75
12/25/2014,95713.45,19142.69,76570.76
12/26/2014,733290.125,146658.025,586632.1
12/27/2014,567937.375,113587.475,454349.9
12/28/2014,513929.7375,102785.9475,411143.79
12/29/2014,847470.7375,169494.1475,677976.59
12/30/2014,667243.15,133448.63,533794.52
12/31/2014,1947348.3,389469.66,1557878.64
1/1/2015,371051.6375,74210.3275,296841.31
1/2/2015,942576.5375,188515.3075,754061.23
1/3/2015,603120.65,120624.13,482496.52
1/4/2015,415284.4875,83056.8975,332227.59
1/5/2015,751911.8125,150382.3625,601529.45
1/6/2015,659217.175,131843.435,527373.74
1/7/2015,700127.8,140025.56,560102.24
1/8/2015,674967.075,134993.415,539973.66
1/9/2015,854260.1,170852.02,683408.08
1/10/2015,552940.4375,110588.0875,442352.35
1/11/2015,360755.975,72151.195,288604.78
1/12/2015,842651.2,168530.24,674120.96
1/13/2015,658063.8375,131612.7675,526451.07
1/14/2015,717302.7375,143460.5475,573842.19
1/15/2015,823689.5,164737.9,658951.6
1/16/2015,1110106.825,222021.365,888085.46
1/17/2015,717178.7125,143435.7425,573742.97
1/18/2015,342537.1875,68507.4375,274029.75
1/19/2015,776433.7875,155286.7575,621147.03
1/20/2015,632104.7375,126420.9475,505683.79
1/21/2015,682158.6625,136431.7325,545726.93
1/22/2015,916012.225,183202.445,732809.78
1/23/2015,902116.2,180423.24,721692.96
1/24/2015,668258.925,133651.785,534607.14
1/25/2015,437428.925,87485.785,349943.14
1/26/2015,896468.6625,179293.7325,717174.93
1/27/2015,780198.075,156039.615,624158.46
1/28/2015,859472.1125,171894.4225,687577.69
1/29/2015,948163.775,189632.755,758531.02
1/30/2015,978419.3,195683.86,782735.44
1/31/2015,2001026.25,400205.25,1600821
2/1/2015,266148.1875,53229.6375,212918.55
2/2/2015,562370.85,112474.17,449896.68
2/3/2015,784639.3625,156927.8725,627711.49
2/4/2015,860328.925,172065.785,688263.14
2/5/2015,986540.75,197308.15,789232.6
2/6/2015,1084376.625,216875.325,867501.3
2/7/2015,693073.75,138614.75,554459
2/8/2015,561056.9125,112211.3825,448845.53
2/9/2015,960332.6125,192066.5225,768266.09
2/10/2015,899546.0625,179909.2125,719636.85
2/11/2015,1443648.888,288729.7775,1154919.11
2/12/2015,1274920.5,254984.1,1019936.4
2/13/2015,1189052.513,237810.5025,951242.01
2/14/2015,997990.5125,199598.1025,798392.41
2/15/2015,566364.2625,113272.8525,453091.41
2/16/2015,892155.575,178431.115,713724.46
2/17/2015,819871.5875,163974.3175,655897.27
2/18/2015,1056142.425,211228.485,844913.94
2/19/2015,1065013.988,213002.7975,852011.19
2/20/2015,1341117.613,268223.5225,1072894.09
2/21/2015,868932.025,173786.405,695145.62
2/22/2015,722465.825,144493.165,577972.66
2/23/2015,1073855.038,214771.0075,859084.03
2/24/2015,1263418.95,252683.79,1010735.16
2/25/2015,1195949.363,239189.8725,956759.49
2/26/2015,1236374.65,247274.93,989099.72
2/27/2015,1943311.3,388662.26,1554649.04
2/28/2015,1867909.288,373581.8575,1494327.43
3/1/2015,1049978.113,209995.6225,839982.49
3/2/2015,1217866.65,243573.33,974293.32
3/3/2015,635718.3375,127143.6675,508574.67
3/4/2015,1178007.35,235601.47,942405.88
3/5/2015,1247441.075,249488.215,997952.86
3/6/2015,1441896.275,288379.255,1153517.02
3/7/2015,1234008.275,246801.655,987206.62
3/8/2015,694496.2875,138899.2575,555597.03
3/9/2015,1107614.45,221522.89,886091.56
3/10/2015,1031749.788,206349.9575,825399.83
3/11/2015,1277116.325,255423.265,1021693.06
3/12/2015,1373220.75,274644.15,1098576.6
3/13/2015,1383308.45,276661.69,1106646.76
3/14/2015,1064333.063,212866.6125,851466.45
3/15/2015,604388.45,120877.69,483510.76
3/16/2015,1342838.588,268567.7175,1074270.87
3/17/2015,1224210.975,244842.195,979368.78
3/18/2015,1421094.125,284218.825,1136875.3
3/19/2015,1460051.075,292010.215,1168040.86
3/20/2015,1417590.65,283518.13,1134072.52
3/21/2015,1071958.725,214391.745,857566.98
3/22/2015,812106.425,162421.285,649685.14
3/23/2015,1208497.9,241699.58,966798.32
3/24/2015,966000.8875,193200.1775,772800.71
3/25/2015,1213663.588,242732.7175,970930.87
3/26/2015,1451020.613,290204.1225,1160816.49
3/27/2015,1488164.788,297632.9575,1190531.83
3/28/2015,1356631.2,271326.24,1085304.96
3/29/2015,906681.075,181336.215,725344.86
3/30/2015,1615939.125,323187.825,1292751.3
3/31/2015,1867612.5,373522.5,1494090
4/1/2015,1227210.113,245442.0225,981768.09
4/2/2015,1350634.8,270126.96,1080507.84
4/3/2015,1545032.9,309006.58,1236026.32
4/4/2015,1184060.2,236812.04,947248.16
4/5/2015,563346.475,112669.295,450677.18
4/6/2015,1228174.05,245634.81,982539.24
4/7/2015,1264679.363,252935.8725,1011743.49
4/8/2015,1391862.363,278372.4725,1113489.89
4/9/2015,1662070.638,332414.1275,1329656.51
4/10/2015,1639184.963,327836.9925,1311347.97
4/11/2015,1644320.613,328864.1225,1315456.49
4/12/2015,843536.5125,168707.3025,674829.21
4/13/2015,1347309.313,269461.8625,1077847.45
4/14/2015,1395084.1,279016.82,1116067.28
4/15/2015,1453493.688,290698.7375,1162794.95
4/16/2015,1726720.538,345344.1075,1381376.43
4/17/2015,2205287.2,441057.44,1764229.76
4/18/2015,1506286.7,301257.34,1205029.36
4/19/2015,1481679.175,296335.835,1185343.34
4/20/2015,1866379.2,373275.84,1493103.36
4/21/2015,1291946.038,258389.2075,1033556.83
4/22/2015,1320114.725,264022.945,1056091.78
4/23/2015,1924588.975,384917.795,1539671.18
4/24/2015,2198595.925,439719.185,1758876.74
4/25/2015,1345522.225,269104.445,1076417.78
4/26/2015,1015958.138,203191.6275,812766.51
4/27/2015,1241567.475,248313.495,993253.98
4/28/2015,1533383.588,306676.7175,1226706.87
4/29/2015,1542323.65,308464.73,1233858.92
4/30/2015,2071308.5,414261.7,1657046.8
5/1/2015,2320895.025,464179.005,1856716.02
5/2/2015,1496309.875,299261.975,1197047.9
5/3/2015,785664.85,157132.97,628531.88
5/4/2015,1366645.25,273329.05,1093316.2
5/5/2015,1410843.975,282168.795,1128675.18
5/6/2015,1596078.613,319215.7225,1276862.89
5/7/2015,1780630.525,356126.105,1424504.42
5/8/2015,1967710.088,393542.0175,1574168.07
5/9/2015,1432533.338,286506.6675,1146026.67
5/10/2015,794016.4375,158803.2875,635213.15
5/11/2015,1408552.238,281710.4475,1126841.79
5/12/2015,1376656,275331.2,1101324.8
5/13/2015,1635969.038,327193.8075,1308775.23
5/14/2015,1911507.738,382301.5475,1529206.19
5/15/2015,2320799,464159.8,1856639.2
5/16/2015,1496523.213,299304.6425,1197218.57
5/17/2015,1284522.55,256904.51,1027618.04
5/18/2015,1841873.775,368374.755,1473499.02
5/19/2015,1673147.9,334629.58,1338518.32
5/20/2015,1699927.488,339985.4975,1359941.99
5/21/2015,2140104.488,428020.8975,1712083.59
5/22/2015,2345628.363,469125.6725,1876502.69
5/23/2015,2113927.125,422785.425,1691141.7
5/24/2015,1131173.463,226234.6925,904938.77
5/25/2015,1140912.213,228182.4425,912729.77
5/26/2015,1509947.1,301989.42,1207957.68
5/27/2015,1698702.688,339740.5375,1358962.15
5/28/2015,2113020.3,422604.06,1690416.24
5/29/2015,2348897.338,469779.4675,1879117.87
5/30/2015,1636511.213,327302.2425,1309208.97
5/31/2015,2249359.05,449871.81,1799487.24
6/1/2015,1737971.2,347594.24,1390376.96
6/2/2015,1489140.313,297828.0625,1191312.25
6/3/2015,1997348.1,399469.62,1597878.48
6/4/2015,2080989,416197.8,1664791.2
6/5/2015,2375456.475,475091.295,1900365.18
6/6/2015,1613721.425,322744.285,1290977.14
6/7/2015,1056170.075,211234.015,844936.06
6/8/2015,1638308.2,327661.64,1310646.56
6/9/2015,1673839.513,334767.9025,1339071.61
6/10/2015,1951776,390355.2,1561420.8
6/11/2015,2143889.688,428777.9375,1715111.75
6/12/2015,2491992.025,498398.405,1993593.62
6/13/2015,1682157.613,336431.5225,1345726.09
6/14/2015,1079346.2,215869.24,863476.96
6/15/2015,1747579.7,349515.94,1398063.76
6/16/2015,1841568.45,368313.69,1473254.76
6/17/2015,2101859.25,420371.85,1681487.4
6/18/2015,2080713.738,416142.7475,1664570.99
6/19/2015,2617396.763,523479.3525,2093917.41
6/20/2015,1840374.4,368074.88,1472299.52
6/21/2015,1062458.05,212491.61,849966.44
6/22/2015,2537675.9,507535.18,2030140.72
6/23/2015,2120543.85,424108.77,1696435.08
6/24/2015,2018744.013,403748.8025,1614995.21
6/25/2015,2418579.063,483715.8125,1934863.25
6/26/2015,3150635.35,630127.07,2520508.28
6/27/2015,1661893.363,332378.6725,1329514.69
6/28/2015,1122152.013,224430.4025,897721.61
6/29/2015,1717629.6,343525.92,1374103.68
6/30/2015,2471062.875,494212.575,1976850.3
7/1/2015,1799589.97,350685.65,2150275.62
7/2/2015,1954326.75,422616.2,2376942.95
7/3/2015,1928017.77,488418.37,2416436.14
7/4/2015,801310.02,248538.07,1049848.09
7/5/2015,715872.38,242647.8,958520.18
7/6/2015,1168375.45,321428.99,1489804.44
7/7/2015,1343885.17,298374.54,1642259.71
7/8/2015,1489018.6,314153.93,1803172.53
7/9/2015,1433637.06,298036.93,1731673.99
7/10/2015,2063203.61,456790.68,2519994.29
7/11/2015,1174051.43,367894,1541945.43
7/12/2015,833242.44,273244.38,1106486.82
7/13/2015,1247779.24,295928.73,1543707.97
7/14/2015,1207824.14,288663.41,1496487.55
7/15/2015,1667163.65,322608.16,1989771.81
7/16/2015,1754967.95,340888.14,2095856.09
7/17/2015,1868463.47,463166.28,2331629.75
7/18/2015,1204478.92,395495.63,1599974.55
7/19/2015,1217033.67,416105.61,1633139.28
7/20/2015,1530474.69,325698.34,1856173.03
7/21/2015,1584327.11,431240.93,2015568.04
7/22/2015,1757001.49,419947.89,2176949.38
7/23/2015,1789744.54,345807.98,2135552.52
7/24/2015,2111195.31,533410.84,2644606.15
7/25/2015,1302490.18,401991.36,1704481.54
7/26/2015,849684.08,283165.89,1132849.97
7/27/2015,1787389.49,451237.02,2238626.51
7/28/2015,1432506.28,315064.17,1747570.45
7/29/2015,1616260.45,326140.19,1942400.64
7/30/2015,1868603.09,363723.46,2232326.55
7/31/2015,3097935.55,828134.24,3926069.79
8/1/2015,1295681.46,427279.15,1722960.61
8/2/2015,908176.08,307315.96,1215492.04
8/3/2015,1602513.03,375144.63,1977657.66
8/4/2015,1369921.4,340843.62,1710765.02
8/5/2015,1674994.37,370518.41,2045512.78
8/6/2015,1936299.71,391840.23,2328139.94
8/7/2015,2187477.62,509502.2,2696979.82
8/8/2015,1420030.69,440294.34,1860325.03
8/9/2015,980251.15,326835.28,1307086.43
8/10/2015,1554586.21,361054.42,1915640.63
8/11/2015,1516841.68,356690.5,1873532.18
8/12/2015,1658813.21,351686.97,2010500.18
8/13/2015,2028491.37,383762.76,2412254.13
8/14/2015,2352868.59,523620.01,2876488.6
8/15/2015,1425109.5,451566.24,1876675.74
8/16/2015,1269631.46,398013.19,1667644.65
8/17/2015,1571969.38,360295.68,1932265.06
8/18/2015,1508487.68,344138.34,1852626.02
8/19/2015,1667387.28,359957.15,2027344.43
8/20/2015,2173088.67,414048.9,2587137.57
8/21/2015,2481932.11,550271.45,3032203.56
8/22/2015,1468301.26,447318.39,1915619.65
8/23/2015,986716.55,318115.48,1304832.03
8/24/2015,1733304.46,379084.39,2112388.85
8/25/2015,1698196.52,366600.41,2064796.93
8/26/2015,1844300.95,377392.94,2221693.89
8/27/2015,2164241.93,382260.11,2546502.04
8/28/2015,3403894.09,845457.99,4249352.08
8/29/2015,1819279.94,516664.15,2335944.09
8/30/2015,1416099.87,434974.02,1851073.89
8/31/2015,2378985.83,627398.64,3006384.47
9/1/2015,2067436.19,441212.88,2508649.07
9/2/2015,1817183.12,408523.86,2225706.98
9/3/2015,2550876.31,475107.46,3025983.77
9/4/2015,2751291.41,629004.98,3380296.39
9/5/2015,1656099.75,506688.26,2162788.01
9/6/2015,1257925.85,391247.18,1649173.03
9/7/2015,1374734.27,360607.16,1735341.43
9/8/2015,1933608.58,413677.06,2347285.64
9/9/2015,1708805.56,384777.99,2093583.55
9/10/2015,2338402.21,434483.63,2772885.84
9/11/2015,2372120.78,563909.19,2936029.97
9/12/2015,1555559.44,476278.43,2031837.87
9/13/2015,992183.87,325176.8,1317360.67
9/14/2015,1697781.6,383375.01,2081156.61
9/15/2015,1829255.6,421511.24,2250766.84
9/16/2015,1968674.62,397123.15,2365797.77
9/17/2015,2319805.76,425883.22,2745688.98
9/18/2015,2771257.7,626112.89,3397370.59
9/19/2015,1716716.78,495978.61,2212695.39
9/20/2015,1490576.49,516515.78,2007092.27
9/21/2015,1839400.26,470862.36,2310262.62
9/22/2015,2122859.46,516138.76,2638998.22
9/23/2015,2247485.4,410393.66,2657879.06
9/24/2015,2177777.34,419995.34,2597772.68
9/25/2015,2787071.08,604400.25,3391471.33
9/26/2015,1586874.01,499105.32,2085979.33
9/27/2015,1045466.6,343449.22,1388915.82
9/28/2015,1992314.56,388994.77,2381309.33
9/29/2015,2857863.29,725624.89,3583488.18
9/30/2015,2727496.41,570622.86,3298119.27
10/1/2015,2232892.87,492069.06,2724961.93
10/2/2015,2602857.06,626456.4,3229313.46
10/3/2015,1648666.3,512069.68,2160735.98
10/4/2015,1063463.17,357328.69,1420791.86
10/5/2015,1795966.5,405284.72,2201251.22
10/6/2015,1754169.62,403434.6,2157604.22
10/7/2015,1984589.18,391781.64,2376370.82
10/8/2015,2260987.48,419055.51,2680042.99
10/9/2015,2822507.21,619047.35,3441554.56
10/10/2015,1659882.05,488710.62,2148592.67
10/11/2015,1030355.04,326180.23,1356535.27
10/12/2015,1790106.84,361305.95,2151412.79
10/13/2015,1936142.34,474965.35,2411107.69
10/14/2015,1957357.08,380349.65,2337706.73
10/15/2015,2447072.79,433401.1,2880473.89
10/16/2015,2735518.93,577391.03,3312909.96
10/17/2015,1661365.71,481821,2143186.71
10/18/2015,1141014.89,352437.64,1493452.53
10/19/2015,1885366.14,411631.47,2296997.61
10/20/2015,1890228.75,459254.42,2349483.17
10/21/2015,2141306.24,457610.3,2598916.54
10/22/2015,2360881.34,411695.47,2772576.81
10/23/2015,2758596.35,591649.34,3350245.69
10/24/2015,1617777.64,503865.6,2121643.24
10/25/2015,1177010.15,358258.5,1535268.65
10/26/2015,1857920.88,387229.93,2245150.81
10/27/2015,1851895.79,443200.96,2295096.75
10/28/2015,2242838.06,380448.23,2623286.29
10/29/2015,2476291.48,431384.94,2907676.42
10/30/2015,2851163.16,637877.95,3489041.11
10/31/2015,1621574.33,516829.74,2138404.07
11/1/2015,1106337.57,345700.08,1452037.65
11/2/2015,1802771.89,393442.41,2196214.3
11/3/2015,1735553.3,426117.63,2161670.93
11/4/2015,1957682.82,395526.43,2353209.25
11/5/2015,2311311.7,446050.79,2757362.49
11/6/2015,2680737.17,610277.11,3291014.28
11/7/2015,1611563.19,496460.57,2108023.76
11/8/2015,1098961.62,349506.95,1448468.57
11/9/2015,2217978.2,389643.29,2607621.49
11/10/2015,1846875.31,415126.35,2262001.66
11/11/2015,2066666.6,396944.52,2463611.12
11/12/2015,2104416.99,413109.24,2517526.23
11/13/2015,2814542.14,593926.61,3408468.75
11/14/2015,1669167.34,500976.7,2170144.04
11/15/2015,1105827.9,361429.33,1467257.23
11/16/2015,1804941.89,383362.3,2188304.19
11/17/2015,1659600.05,346985.26,2006585.31
11/18/2015,2149090.55,386499.45,2535590
11/19/2015,2192356.41,424459.41,2616815.82
11/20/2015,2655584.73,605718.8,3261303.53
11/21/2015,1564507.74,497693.93,2062201.67
11/22/2015,1110215.6,343532.41,1453748.01
11/23/2015,2327919.37,414617.68,2742537.05
11/24/2015,2815458.88,456311.14,3271770.02
11/25/2015,3543271.98,679916.5,4223188.48
11/26/2015,406460.06,117479.04,523939.1
11/27/2015,2339771.94,698113.2,3037885.14
11/28/2015,1442852.49,451049.17,1893901.66
11/29/2015,1008759.26,325456.82,1334216.08
11/30/2015,2293036.9,514038.61,2807075.51
12/1/2015,1749575.73,455340.16,2204915.89
12/2/2015,1858500.79,401330.38,2259831.17
12/3/2015,2195979.62,457701.29,2653680.91
12/4/2015,2759780.99,602775.5,3362556.49
12/5/2015,1604711.56,501267.94,2105979.5
12/6/2015,1377217.45,338335.17,1715552.62
12/7/2015,1932370.4,403896.09,2336266.49
12/8/2015,1765367.38,385738.26,2151105.64
12/9/2015,2174864.93,423150.47,2598015.4
12/10/2015,2326505.27,432196.89,2758702.16
12/11/2015,2592988.02,593989.05,3186977.07
12/12/2015,1733561.73,507598.82,2241160.55
12/13/2015,1030832.06,344687.81,1375519.87
12/14/2015,1694114.39,412202.97,2106317.36
12/15/2015,1748663.35,431945.3,2180608.65
12/16/2015,2102035.64,428699.32,2530734.96
12/17/2015,2155791.76,442931.25,2598723.01
12/18/2015,2669028.83,634633.13,3303661.96
12/19/2015,1681464.28,562266.67,2243730.95
12/20/2015,1454328.19,413481.9,1867810.09
12/21/2015,2163188.28,487507.76,2650696.04
12/22/2015,2424764.39,534332.85,2959097.24
12/23/2015,2785206.45,658971.91,3444178.36
12/24/2015,2031459.06,632985.3,2664444.36
12/25/2015,225607.62,71343.24,296950.86
12/26/2015,1777462.79,618671.44,2396134.23
12/27/2015,1046749.07,357322.99,1404072.06
12/28/2015,1806147.77,467171.29,2273319.06
12/29/2015,2176207.83,485282.12,2661489.95
12/30/2015,2501963.25,518449.22,3020412.47
12/31/2015,2957653.45,864267.41,3821920.86
1/1/2016,1370953.18,362599,1733552.18
1/2/2016,1771843.05,534861.15,2306704.2
1/3/2016,987364.39,344910.55,1332274.94
1/4/2016,2136239.93,448261.14,2584501.07
1/5/2016,2108979.36,459849.35,2568828.71
1/6/2016,2321953.92,434154.17,2756108.09
1/7/2016,2305772.68,452510.9,2758283.58
1/8/2016,2890912.22,643470.47,3534382.69
1/9/2016,1791509.05,542536.36,2334045.41
1/10/2016,1121899.64,352818.84,1474718.48
1/11/2016,2055047.13,414466.17,2469513.3
1/12/2016,2024871.36,412791.98,2437663.34
1/13/2016,2096114.85,419813.38,2515928.23
1/14/2016,2507576.67,458590.42,2966167.09
1/15/2016,3028137.05,663262.01,3691399.06
1/16/2016,1719343.02,535865.22,2255208.24
1/17/2016,1106171.16,360936.27,1467107.43
1/18/2016,1913074.43,427644.51,2340718.94
1/19/2016,2158347,436240.03,2594587.03
1/20/2016,2356813.57,452853.51,2809667.08
1/21/2016,2221202.58,472431.81,2693634.39
1/22/2016,2963255.33,640981.54,3604236.87
1/23/2016,1677430.57,540735.95,2218166.52
1/24/2016,1191022.25,374695.24,1565717.49
1/25/2016,2120536.35,427624.65,2548161
1/26/2016,2058971.74,432987.88,2491959.62
1/27/2016,2396673.37,420684.44,2817357.81
1/28/2016,2520068.07,454351.06,2974419.13
1/29/2016,3095855.55,738976.37,3834831.92
1/30/2016,1980171.6,574327.13,2554498.73
1/31/2016,1318276.29,410430.45,1728706.74
2/1/2016,2003703.71,498102.92,2501806.63
2/2/2016,1920205.18,447014.6,2367219.78
2/3/2016,2161074.07,496724.36,2657798.43
2/4/2016,2667617.38,488556.86,3156174.24
2/5/2016,2852486.53,704510.93,3556997.46
2/6/2016,1838450.04,599480.77,2437930.81
2/7/2016,1253081.07,410323.64,1663404.71
2/8/2016,2110490.16,449854.85,2560345.01
2/9/2016,1901485.3,473476.02,2374961.32
2/10/2016,2981354.32,581006.86,3562361.18
2/11/2016,2727857.43,534259.93,3262117.36
2/12/2016,3102213.04,731870.23,3834083.27
2/13/2016,1960624.04,634686.92,2595310.96
2/14/2016,1381211.72,470760.42,1851972.14
2/15/2016,2001943.95,458764.14,2460708.09
2/16/2016,2460851.49,479239.88,2940091.37
2/17/2016,2204060.24,481306.12,2685366.36
2/18/2016,2784378.66,567258.39,3351637.05
2/19/2016,2917584.18,715911.14,3633495.32
2/20/2016,1903969.33,619422.81,2523392.14
2/21/2016,1330389.71,446139.57,1776529.28
2/22/2016,2397750.08,482389.54,2880139.62
2/23/2016,2162306.6,476375.45,2638682.05
2/24/2016,2570372.91,506517.47,3076890.38
2/25/2016,2555175.2,533252.6,3088427.8
2/26/2016,3203100.18,728102.48,3931202.66
2/27/2016,2045794.97,633008.37,2678803.34
2/28/2016,1321079.69,447262.74,1768342.43
2/29/2016,2718433.46,563418.99,3281852.45
3/1/2016,2298317.67,563579.52,2861897.19
3/2/2016,2376159.97,516336.92,2892496.89
3/3/2016,2734341.54,577847.9,3312189.44
3/4/2016,3061775.96,725025.42,3786801.38
3/5/2016,1957916.55,631953.63,2589870.18
3/6/2016,1328338.81,463322.7,1791661.51
3/7/2016,2147745.08,488557.15,2636302.23
3/8/2016,2268478.37,506730.62,2775208.99
3/9/2016,2570442.95,495068.4,3065511.35
3/10/2016,2673988.17,553054.57,3227042.74
3/11/2016,3143006.23,720915.66,3863921.89
3/12/2016,1971490.01,621340.28,2592830.29
3/13/2016,1326315.37,435884.59,1762199.96
3/14/2016,2294072.94,501008.27,2795081.21
3/15/2016,2452496.03,514536.11,2967032.14
3/16/2016,2670413.28,517904.5,3188317.78
3/17/2016,2711358.2,544854.88,3256213.08
3/18/2016,2922281.91,726728.4,3649010.31
3/19/2016,1964378.1,646488.22,2610866.32
3/20/2016,1428276.03,478635.63,1906911.66
3/21/2016,2159745.07,524628.13,2684373.2
3/22/2016,2267295.84,496147.83,2763443.67
3/23/2016,2579688.45,505225.61,3084914.06
3/24/2016,2887218.09,550418.22,3437636.31
3/25/2016,3032072.71,729226.79,3761299.5
3/26/2016,1986648.61,618573.63,2605222.24
3/27/2016,1178955.48,400913.25,1579868.73
3/28/2016,2479985.69,510471.28,2990456.97
3/29/2016,2181017.7,494012.43,2675030.13
3/30/2016,2683795.38,489217.45,3173012.83
3/31/2016,4065486.11,733703.34,4799189.45
4/1/2016,3323081.16,881812.36,4204893.52
4/2/2016,1971737.26,652142.59,2623879.85
4/3/2016,1392093.99,472041.43,1864135.42
4/4/2016,2104560.06,519456.7,2624016.76
4/5/2016,2293433.52,542937.1,2836370.62
4/6/2016,2658727.73,527965.87,3186693.6
4/7/2016,3225386.42,557069.79,3782456.21
4/8/2016,3283070.62,748172.33,4031242.95
4/9/2016,1926155.66,627227.7,2553383.36
4/10/2016,1480518.14,466755,1947273.14
4/11/2016,2327831.83,509405.36,2837237.19
4/12/2016,2376566.78,494630.15,2871196.93
4/13/2016,2961393.43,523650.17,3485043.6
4/14/2016,3129413.59,544262.24,3673675.83
4/15/2016,3539472.87,786855.17,4326328.04
4/16/2016,2008188.72,649821.52,2658010.24
4/17/2016,1502014.8,483100.95,1985115.75
4/18/2016,2795612.77,518883.28,3314496.05
4/19/2016,3201236.4,535365.38,3736601.78
4/20/2016,3753645.9,1074577.22,4828223.12
4/21/2016,2421588.76,481788.36,2903377.12
4/22/2016,2878872.99,695660.63,3574533.62
4/23/2016,1879411.47,608757.6,2488169.07
4/24/2016,1315719.28,454401.54,1770120.82
4/25/2016,2264859.71,489380.92,2754240.63
4/26/2016,2247244.51,488034.5,2735279.01
4/27/2016,2908787.15,537140.76,3445927.91
4/28/2016,3036704.16,557515.19,3594219.35
4/29/2016,4062384.69,875165.93,4937550.62
4/30/2016,2593344.18,838304.71,3431648.89
5/1/2016,1436862.92,487539.95,1924402.87
5/2/2016,2266283.8,534466.44,2800750.24
5/3/2016,2449472.32,591602.97,3041075.29
5/4/2016,2833248.4,541924.44,3375172.84
5/5/2016,3220679.49,616829.83,3837509.32
5/6/2016,3450675.1,788271.52,4238946.62
5/7/2016,2037709.84,631960.51,2669670.35
5/8/2016,1477600.86,514466.98,1992067.84
5/9/2016,2476376.33,537781.94,3014158.27
5/10/2016,2464288.98,547571.52,3011860.5
5/11/2016,2891810.47,545961.87,3437772.34
5/12/2016,3416108.41,580514.65,3996623.06
5/13/2016,3298246.76,783635.74,4081882.5
5/14/2016,2146689.04,667308.11,2813997.15
5/15/2016,1554060.31,530633.65,2084693.96
5/16/2016,2448793.8,555557.1,3004350.9
5/17/2016,2645378.33,558872.56,3204250.89
5/18/2016,2698340.12,544922.97,3243263.09
5/19/2016,3078940.32,598854.38,3677794.7
5/20/2016,3430302.62,846921.19,4277223.81
5/21/2016,2192517.26,684273.46,2876790.72
5/22/2016,1549450.87,505780.11,2055230.98
5/23/2016,2468027.18,544916.44,3012943.62
5/24/2016,2493335.34,548499.01,3041834.35
5/25/2016,3156781.28,606027.66,3762808.94
5/26/2016,3798978.36,657174.43,4456152.79
5/27/2016,3881655.53,862743.65,4744399.18
5/28/2016,2128478.08,679389.27,2807867.35
5/29/2016,1598291.88,536627.98,2134919.86
5/30/2016,2031929.67,518769.78,2550699.45
5/31/2016,3585451.58,1022281.27,4607732.85
6/1/2016,3087816.38,686991.74,3774808.12
6/2/2016,3282004.94,643917.23,3925922.17
6/3/2016,3804939.82,898882.52,4703822.34
6/4/2016,2188886.02,702188.86,2891074.88
6/5/2016,1584063.25,514321.16,2098384.41
6/6/2016,2636947.51,600291.41,3237238.92
6/7/2016,2544690.47,569927.5,3114617.97
6/8/2016,2879905.28,591791.52,3471696.8
6/9/2016,3554410.85,623011.47,4177422.32
6/10/2016,3813798.8,869019.69,4682818.49
6/11/2016,2242884.98,751549.53,2994434.51
6/12/2016,1629417.59,531198.86,2160616.45
6/13/2016,2748716.69,569973.47,3318690.16
6/14/2016,2736425.72,589767.39,3326193.11
6/15/2016,3246756.16,641409.79,3888165.95
6/16/2016,3531225.24,672120.66,4203345.9
6/17/2016,3651015.98,870779.88,4521795.86
6/18/2016,2197692.18,737538.43,2935230.61
6/19/2016,1638543.55,552504.86,2191048.41
6/20/2016,2776450.73,623817.61,3400268.34
6/21/2016,2888903.09,617827.99,3506731.08
6/22/2016,3303531.28,625821.23,3929352.51
6/23/2016,3465767.71,682977.22,4148744.93
6/24/2016,4301677.36,978018.95,5279696.31
6/25/2016,2098231.71,716660.89,2814892.6
6/26/2016,1547793.08,545227.97,2093021.05
6/27/2016,2774195.23,612886.86,3387082.09
6/28/2016,2794875.18,604262.32,3399137.5
6/29/2016,3451912.7,616073.94,4067986.64
6/30/2016,4132991.76,684096.78,4817088.54
7/1/2016,4583581.21,1174932.38,5758513.59
7/2/2016,2571989.34,836185.09,3408174.43
7/3/2016,2071510.13,681906.47,2753416.6
7/4/2016,1627844.32,524511.59,2152355.91
7/5/2016,3046007.12,695073.91,3741081.03
7/6/2016,2990616.41,676643.27,3667259.68
7/7/2016,3882622.31,723156.51,4605778.82
7/8/2016,4183511.61,942538.09,5126049.7
7/9/2016,2619803.76,791498.42,3411302.18
7/10/2016,1933641.23,667605.5,2601246.73
7/11/2016,3120621.36,666589.83,3787211.19
7/12/2016,3089546.8,645257.22,3734804.02
7/13/2016,3338984.44,688703.08,4027687.52
7/14/2016,4155482.34,785618.68,4941101.02
7/15/2016,4481227.76,1019863.44,5501091.2
7/16/2016,2389284.5,803275.76,3192560.26
7/17/2016,1801576.88,626145.27,2427722.15
7/18/2016,3112013.63,680817.38,3792831.01
7/19/2016,3058530.49,677745.18,3736275.67
7/20/2016,3576382.79,738190.75,4314573.54
7/21/2016,4187447.63,753988.35,4941435.98
7/22/2016,4329238.7,1014222.92,5343461.62
7/23/2016,2539876.02,833116.57,3372992.59
7/24/2016,2005465.86,674705.48,2680171.34
7/25/2016,3313303.64,688705.19,4002008.83
7/26/2016,3179457.12,685072.01,3864529.13
7/27/2016,3415477.82,706987.78,4122465.6
7/28/2016,4255298.49,776102.86,5031401.35
7/29/2016,4830365.55,1025312.45,5855678
7/30/2016,2772210.85,867881.24,3640092.09
7/31/2016,2064429.76,696057.93,2760487.69
8/1/2016,3520784.59,817775.15,4338559.74
8/2/2016,3234842,724977.76,3959819.76
8/3/2016,3925079.09,790534.64,4715613.73
8/4/2016,4168993.35,794826.97,4963820.32
8/5/2016,4704138.78,1060437.03,5764575.81
8/6/2016,2589693.47,860175.47,3449868.94
8/7/2016,2086716.78,666882.3,2753599.08
8/8/2016,3274327.97,730623.85,4004951.82
8/9/2016,3192946.94,714268.37,3907215.31
8/10/2016,3786185.34,769332.94,4555518.28
8/11/2016,4247598.79,810126.26,5057725.05
8/12/2016,4472994.46,1024730.92,5497725.38
8/13/2016,2596013.31,843628.32,3439641.63
8/14/2016,2049627.75,662246.4,2711874.15
8/15/2016,3492806.98,742992.36,4235799.34
8/16/2016,3537824.04,745949.2,4283773.24
8/17/2016,4013569.57,743433.38,4757002.95
8/18/2016,4256648.93,793740.91,5050389.84
8/19/2016,4660749.46,1067727.51,5728476.97
8/20/2016,2817135.47,905124.55,3722260.02
8/21/2016,1943596.49,677593.63,2621190.12
8/22/2016,3309401.57,721545.65,4030947.22
8/23/2016,3428017.13,722347.29,4150364.42
8/24/2016,3613171.72,745163.45,4358335.17
8/25/2016,4730108.6,886047.47,5616156.07
8/26/2016,4757952.4,1053760.02,5811712.42
8/27/2016,2748562.38,867704,3616266.38
8/28/2016,1986622.48,663636.41,2650258.89
8/29/2016,3411082.99,696421.81,4107504.8
8/30/2016,3953104.39,721537.65,4674642.04
8/31/2016,5686161.25,1196101.82,6882263.07
9/1/2016,4741224.52,1058236.76,5799461.28
9/2/2016,5028048.78,1289689.5,6317738.28
9/3/2016,2998169.07,968175.76,3966344.83
9/4/2016,2225802.69,740116.96,2965919.65
9/5/2016,2809994.32,715138.4,3525132.72
9/6/2016,3564192.37,834734.63,4398927
9/7/2016,3771445.87,776060.15,4547506.02
9/8/2016,4579908.28,834087.98,5413996.26
9/9/2016,4955556.57,1134982.69,6090539.26
9/10/2016,3074949.75,970144.6,4045094.35
9/11/2016,1932480.1,666722.9,2599203
9/12/2016,3733755.53,729763.73,4463519.26
9/13/2016,3592447.78,741719.01,4334166.79
9/14/2016,4010380.18,753758.65,4764138.83
9/15/2016,4628741.57,841089.2,5469830.77
9/16/2016,4906864.65,1104079.81,6010944.46
9/17/2016,2815779.07,932003.51,3747782.58
9/18/2016,2050464.43,673552.88,2724017.31
9/19/2016,3767937.53,727190.42,4495127.95
9/20/2016,3681508.43,802705.31,4484213.74
9/21/2016,3863512.89,777048.63,4640561.52
9/22/2016,4545610.05,807268.11,5352878.16
9/23/2016,4903543.5,1107947.89,6011491.39
9/24/2016,2872889.06,912825.19,3785714.25
9/25/2016,2050975.68,666438.1,2717413.78
9/26/2016,3831038.45,717113.35,4548151.8
9/27/2016,3721295.44,741175.92,4462471.36
9/28/2016,3981726.15,787784.13,4769510.28
9/29/2016,4896679.67,790947.55,5687627.22
9/30/2016,6802202.1,1629434.64,8431636.74
10/1/2016,3145085.75,1026491.34,4171577.09
10/2/2016,2086510.99,713021.46,2799532.45
10/3/2016,3903921.53,842753.82,4746675.35
10/4/2016,3490760.67,765551.75,4256312.42
10/5/2016,4335741.25,826669.88,5162411.13
10/6/2016,4931092.1,833403.08,5764495.18
10/7/2016,5125740.79,1127774.16,6253514.95
10/8/2016,2945249.93,934733.25,3879983.18
10/9/2016,2355747.76,715787.23,3071534.99
10/10/2016,3704711.13,727060.99,4431772.12
10/11/2016,3691278.17,737049.9,4428328.07
10/12/2016,4117205.2,776416.98,4893622.18
10/13/2016,4433713.67,857023.17,5290736.84
10/14/2016,5316916.61,1168146.91,6485063.52
10/15/2016,2944411.34,916761.82,3861173.16
10/16/2016,1983314.6,644070.25,2627384.85
10/17/2016,3906996.02,743663.97,4650659.99
10/18/2016,3768970.13,749420.01,4518390.14
10/19/2016,3915145.18,732580.13,4647725.31
10/20/2016,4713263.99,839848.62,5553112.61
10/21/2016,4917982.92,1064967.89,5982950.81
10/22/2016,3077981.75,939866.72,4017848.47
10/23/2016,2006594.57,643455.37,2650049.94
10/24/2016,3608206.48,667564.68,4275771.16
10/25/2016,3803914.49,727630.1,4531544.59
10/26/2016,4079402.24,729271.64,4808673.88
10/27/2016,4834224.13,771665.68,5605889.81
10/28/2016,5005052.27,1032648.41,6037700.68
10/29/2016,2849342.64,869189.68,3718532.32
10/30/2016,1959979.49,618897.27,2578876.76
10/31/2016,4276589.34,875786.11,5152375.45
11/1/2016,3654736.36,848641.56,4503377.92
11/2/2016,3892238.99,743570.36,4635809.35
11/3/2016,4483304.2,872481.5,5355785.7
11/4/2016,5036772.65,1081482.75,6118255.4
11/5/2016,2945323.7,918787.86,3864111.56
11/6/2016,2078872.12,711748.93,2790621.05
11/7/2016,3523398.15,734490.39,4257888.54
11/8/2016,3473323.07,732219.67,4205542.74
11/9/2016,4245947.98,761061.6,5007009.58
11/10/2016,4543805.91,922668.62,5466474.53
11/11/2016,5174554.22,978408.51,6152962.73
11/12/2016,2751119.48,875710.1,3626829.58
11/13/2016,2157111.03,648208.66,2805319.69
11/14/2016,3506341.43,694496.81,4200838.24
11/15/2016,3772204.97,760285.18,4532490.15
11/16/2016,4266733.95,769251.15,5035985.1
11/17/2016,4285202.86,793248.62,5078451.48
11/18/2016,5220510.95,1099553.91,6320064.86
11/19/2016,3000620.74,968392.78,3969013.52
11/20/2016,1934409.66,675755.89,2610165.55
11/21/2016,4484504.16,771543.06,5256047.22
11/22/2016,4876838.8,852375.2,5729214
11/23/2016,5867972.85,1261774.75,7129747.6
11/24/2016,1131445.98,344636.98,1476082.96
11/25/2016,4203525.21,1228800.47,5432325.68
11/26/2016,2385924.99,788177.58,3174102.57
11/27/2016,2114951.81,614061.63,2729013.44
11/28/2016,3569890.15,690263.95,4260154.1
11/29/2016,3597927.82,696906.37,4294834.19
11/30/2016,5660167.26,1022246.96,6682414.22
12/1/2016,4462799.34,931774.33,5394573.67
12/2/2016,4584580.45,1116695.56,5701276.01
12/3/2016,2912504.86,943159.84,3855664.7
12/4/2016,2034058.9,689383.4,2723442.3
12/5/2016,3706985.42,771822.11,4478807.53
12/6/2016,3903574.88,741709.42,4645284.3
12/7/2016,3813240.53,784066.26,4597306.79
12/8/2016,3955997.14,785501.03,4741498.17
12/9/2016,4546361.08,1005238.87,5551599.95
12/10/2016,2558404.02,893148.15,3451552.17
12/11/2016,1879000.91,667597.9,2546598.81
12/12/2016,3800849.75,739974.85,4540824.6
12/13/2016,3778131.24,744276.61,4522407.85
12/14/2016,4401264.24,767488.11,5168752.35
12/15/2016,4403455.4,829736.75,5233192.15
12/16/2016,5148632.62,1097866.16,6246498.78
12/17/2016,2747011.8,926620.27,3673632.07
12/18/2016,2024404.38,700481.5,2724885.88
12/19/2016,3636148.74,836735.27,4472884.01
12/20/2016,4044515.81,882905.95,4927421.76
12/21/2016,4234532.76,896000.93,5130533.69
12/22/2016,4668157.3,987762.63,5655919.93
12/23/2016,4960320.14,1336092.97,6296413.11
12/24/2016,2563741.86,897472.46,3461214.32
12/25/2016,623082.61,195001.21,818083.82
12/26/2016,2907542.62,881666.51,3789209.13
12/27/2016,3324831.99,752106.45,4076938.44
12/28/2016,3452036.1,797870.3,4249906.4
12/29/2016,4200475.36,859655.24,5060130.6
12/30/2016,5221889.13,1243811.86,6465700.99
12/31/2016,3713397.08,1354076,5067473.08
